
//必要
@incollection{kocsis2006bandit,
  title={Bandit based {M}onte-{C}arlo planning},
  author={Kocsis, Levente and Szepesvari, Csaba},
  booktitle={Machine Learning: ECML 2006},
  pages={282--293},
  year={2006},
  publisher={Springer}
}

//必要
@book{ito2012complex,
  title={Complex automated negotiations: theories, models, and software competitions},
  author={Ito, Takayuki and Zhang, Minjie and Robu, Valentin and Matsuo, Tokuro},
  year={2012},
  publisher={Springer}
}

//必要
@article{baarslag2012evaluating,
  title={Evaluating practical negotiating agents: Results and analysis of the 2011 international competition},
  author={Tim Baarslag and Katsuhide Fujita and Enrico H. Gerding and Koen Hindriks and Takayuki Ito and Nicholas R. Jennings and Catholijn Jonker and Sarit Krause and Raz Lin and Valentin Robu and Colin R. Williams},
  journal={Artificial Intelligence},
  year={2012},
  publisher={Elsevier}
}
