@book{fisher2011,
  title={Getting to yes: Negotiating agreement without giving in},
  author={Fisher, Roger and Ury, William L},
  year={2011},
  publisher={Penguin}
}
@book{lewicki2001essentials,
  title={Essentials of negotiation},
  author={Lewicki, Roy J and Barry, Bruce and Saunders, David M},
  year={2001},
  publisher={Irwin/McGraw-Hill New York}
}

@article{岡紀子2002視点,
  title={ビジネス交渉と意思決定},
  author={印南一路},
  journal={日本経済新聞社},
  volume={45},
  number={7},
  pages={497--499},
  year={2002},
  publisher={J-STAGE}
}

@article{安村禎明2002モノポリーゲームにおける交渉エージェント,
  title={モノポリーゲームにおける交渉エージェント},
  author={安村 禎明 and 秋山 英久 and 小口 邦彦 and 新田 克己},
  journal={情報処理学会論文誌},
  volume={43},
  number={10},
  pages={3048--3055},
  year={2002},
  publisher={一般社団法人情報処理学会}
}

@book{川越敏司2010行動ゲーム理論入門,
  title={行動ゲーム理論入門},
  author={川越敏司},
  year={2010},
  publisher={NTT 出版}
}
@phdthesis{schadd2009monte,
  title={Monte-Carlo search techniques in the modern board game Thurn and Taxis},
  author={Schadd, Frederik Christiaan},
  year={2009},
  school={Maastricht Univ., Netherlands}
}

@phdthesis{anguix2013complex,
  title={Complex Negotiations in Multi-Agent Systems},
  author={Anguix, Victor Sanchez},
  year={2013},
  school={Universitat Politecnica de Valencia, Spain}
}

@article{開発2009kobe,
  title={交渉論},
  author={森口 竜平 and 日潟 淳子 and 小山田 裕太 and 斎藤 誠一 and 城 仁士},
  journal={Bulletin of the Graduate School of Human Development and Environment Kobe University},
  volume={3},
  number={1},
  year={2009}
}

@inproceedings{chaslot2008monte,
  title={Monte-Carlo Tree Search: A New Framework for Game AI.},
  author={Chaslot, Guillaume and Bakkes, Sander and Szita, Istvan and Spronck, Pieter},
  booktitle={AIIDE},
  year={2008}
}

@incollection{kocsis2006bandit,
  title={Bandit based {M}onte-{C}arlo planning},
  author={Kocsis, Levente and Szepesvari, Csaba},
  booktitle={Machine Learning: ECML 2006},
  pages={282--293},
  year={2006},
  publisher={Springer}
}
@article{auer2002finite,
  title={Finite-time analysis of the multiarmed bandit problem},
  author={Auer, Peter and Cesa-Bianchi, Nicolo and Fischer, Paul},
  journal={Machine learning},
  volume={47},
  number={2-3},
  pages={235--256},
  year={2002},
  publisher={Springer}
}

@article{branca2007using,
  title={Using multi-agent system technologies in {S}ettlers of {C}atan bots},
  author={Branca, Luca and Johansson, Stefan J},
  journal={City},
  volume={2},
  pages={3},
  year={2007}
}

@article{nash1951non,
  title={Non-cooperative games},
  author={Nash, John},
  journal={The Annals of Mathematics},
  volume={54},
  number={2},
  pages={286--295},
  year={1951},
  publisher={JSTOR}
}
@inproceedings{guhe2012trading,
  title={Trading in a multiplayer board game: Towards an analysis of non-cooperative dialogue},
  author={Guhe, Markus and Lascarides, Alex},
  booktitle={Proceedings of the 34th Conference of the Cognitive Science Society},
  year={2012}
}

@incollection{sturtevant2008analysis,
  title={An analysis of UCT in multi-player games},
  author={Sturtevant, Nathan R},
  booktitle={Computers and Games},
  pages={37--49},
  year={2008},
  publisher={Springer}
}

@misc{JSettler,
  title = {カタンの開拓者{AI}の{J}ettlersのページ},
  howpublished={\url{http://nand.net/jsettlers/devel/}},
  key = {SoC}
}

@incollection{SmartSettlers,
  title={Monte-{C}arlo tree search in {S}ettlers of {C}atan},
  author={Szita, Istv{\'a}n and Chaslot, Guillaume and Spronck, Pieter},
  booktitle={Advances in Computer Games},
  pages={21--32},
  year={2010},
  publisher={Springer}
}

@incollection{iamhaggler2011,
  title={IAMhaggler2011: A Gaussian Process Regression Based Negotiation Agent},
  author={Williams, Colin R and Robu, Valentin and Gerding, Enrico H and Jennings, Nicholas R},
  booktitle={Complex Automated Negotiations: Theories, Models, and Software Competitions},
  pages={209--212},
  year={2013},
  publisher={Springer}
}

@book{ito2012complex,
  title={Complex automated negotiations: theories, models, and software competitions},
  author={Ito, Takayuki and Zhang, Minjie and Robu, Valentin and Matsuo, Tokuro},
  year={2012},
  publisher={Springer}
}
