@book{fisher2011,
  title={Getting to yes: Negotiating agreement without giving in},
  author={Fisher, Roger and Ury, William L},
  year={2011},
  publisher={Penguin}
}

@book{lewicki2001essentials,
  title={Essentials of negotiation},
  author={Lewicki, Roy J and Barry, Bruce and Saunders, David M},
  year={2001},
  publisher={Irwin/McGraw-Hill New York}
}